% Encoding: UTF-8

@book {MR705632,
    AUTHOR = {Armstrong, Mark Anthony},
     TITLE = {Basic topology},
    SERIES = {Undergraduate Texts in Mathematics},
      NOTE = {Corrected reprint of the 1979 original},
 PUBLISHER = {Springer-Verlag, New York-Berlin},
      YEAR = {1983},
     PAGES = {xii+251},
      ISBN = {0-387-90839-0},
   MRCLASS = {55-01 (54-01)},
  MRNUMBER = {705632},
}

@book {MR1700700,
    AUTHOR = {Bredon, Glen E.},
     TITLE = {Topology and geometry},
    SERIES = {Graduate Texts in Mathematics},
    VOLUME = {139},
      NOTE = {Corrected third printing of the 1993 original},
 PUBLISHER = {Springer-Verlag, New York},
      YEAR = {1997},
     PAGES = {xiv+557},
      ISBN = {0-387-97926-3},
   MRCLASS = {55-01 (54-01 57-01)},
  MRNUMBER = {1700700},
}
@book {MR1867354,
    AUTHOR = {Hatcher, Allen},
     TITLE = {Algebraic topology},
 PUBLISHER = {Cambridge University Press, Cambridge},
      YEAR = {2002},
     PAGES = {xii+544},
      ISBN = {0-521-79160-X; 0-521-79540-0},
   MRCLASS = {55-01 (55-00)},
  MRNUMBER = {1867354},
MRREVIEWER = {Donald W. Kahn},
}

@book {Hirsch:1994,
    AUTHOR = {Hirsch, Morris W.},
     TITLE = {Differential topology},
    SERIES = {Graduate Texts in Mathematics},
    VOLUME = {33},
      NOTE = {Corrected reprint of the 1976 original},
 PUBLISHER = {Springer-Verlag, New York},
      YEAR = {1994},
     PAGES = {x+222},
      ISBN = {0-387-90148-5},
   MRCLASS = {57-01 (58-01)},
  MRNUMBER = {1336822},
}

@book {MR2483686,
    AUTHOR = {Huggett, Stephen and Jordan, David},
     TITLE = {A topological aperitif},
   EDITION = {Revised},
      NOTE = {With a foreword by Roger Penrose},
 PUBLISHER = {Springer-Verlag London, Ltd., London},
      YEAR = {2009},
     PAGES = {x+152},
      ISBN = {978-1-84800-912-7},
   MRCLASS = {57-01 (55-01)},
  MRNUMBER = {2483686},
}
	

@book {MR734483,
    AUTHOR = {J\"{a}nich, Klaus},
     TITLE = {Topology},
    SERIES = {Undergraduate Texts in Mathematics},
      NOTE = {With a chapter by Theodor Br\"{o}cker,
              Translated from the German by Silvio Levy},
 PUBLISHER = {Springer-Verlag, New York},
      YEAR = {1984},
     PAGES = {ix+192},
      ISBN = {0-387-90892-7},
   MRCLASS = {54-01 (55-01 57-01)},
  MRNUMBER = {734483},
       DOI = {10.1007/978-1-4612-1134-1},
       URL = {https://doi.org/10.1007/978-1-4612-1134-1},
}

@book {MR2218695,
    AUTHOR = {McCleary, John},
     TITLE = {A first course in topology},
    SERIES = {Student Mathematical Library},
    VOLUME = {31},
      NOTE = {Continuity and dimension},
 PUBLISHER = {American Mathematical Society, Providence, RI},
      YEAR = {2006},
     PAGES = {xii+211},
      ISBN = {0-8218-3884-9},
   MRCLASS = {54-01 (54C05 54F45 55-01)},
  MRNUMBER = {2218695},
       DOI = {10.1090/stml/031},
       URL = {https://doi.org/10.1090/stml/031},
}
	

@book {MR3728284,
    AUTHOR = {Munkres, James R.},
     TITLE = {Topology},
      NOTE = {Second edition of [ MR0464128]},
 PUBLISHER = {Prentice Hall, Inc., Upper Saddle River, NJ},
      YEAR = {2000},
     PAGES = {xvi+537},
      ISBN = {0-13-181629-2},
   MRCLASS = {54-01},
  MRNUMBER = {3728284},
}

@book {MR2313004,
    AUTHOR = {Prasolov, V. V.},
     TITLE = {Elements of homology theory},
    SERIES = {Graduate Studies in Mathematics},
    VOLUME = {81},
      NOTE = {Translated from the 2005 Russian original by Olga Sipacheva},
 PUBLISHER = {American Mathematical Society, Providence, RI},
      YEAR = {2007},
     PAGES = {x+418},
      ISBN = {978-0-8218-3812-9; 0-8218-3812-1},
   MRCLASS = {55-01 (55-02 55Nxx)},
  MRNUMBER = {2313004},
MRREVIEWER = {Nikolai N. Saveliev},
       DOI = {10.1090/gsm/081},
       URL = {https://doi.org/10.1090/gsm/081},
}
		

@book {MR2233951,
    AUTHOR = {Prasolov, V. V.},
     TITLE = {Elements of combinatorial and differential topology},
    SERIES = {Graduate Studies in Mathematics},
    VOLUME = {74},
      NOTE = {Translated from the 2004 Russian original by Olga Sipacheva},
 PUBLISHER = {American Mathematical Society, Providence, RI},
      YEAR = {2006},
     PAGES = {xii+331},
      ISBN = {0-8218-3809-1},
   MRCLASS = {57-01},
  MRNUMBER = {2233951},
MRREVIEWER = {Nikolai N. Saveliev},
       DOI = {10.1090/gsm/074},
       URL = {https://doi.org/10.1090/gsm/074},
}

@book {MR2155623,
    AUTHOR = {Runde, Volker},
     TITLE = {A taste of topology},
    SERIES = {Universitext},
 PUBLISHER = {Springer, New York},
      YEAR = {2005},
     PAGES = {x+176},
      ISBN = {978-0387-25790-7; 0-387-25790-X},
   MRCLASS = {54-01 (55-01)},
  MRNUMBER = {2155623},
}
		
@book {MR1679607,
    AUTHOR = {Sato, Hajime},
     TITLE = {Algebraic topology: an intuitive approach},
    SERIES = {Translations of Mathematical Monographs},
    VOLUME = {183},
      NOTE = {Translated from the 1996 Japanese original by Kiki Hudson,
              Iwanami Series in Modern Mathematics},
 PUBLISHER = {American Mathematical Society, Providence, RI},
      YEAR = {1999},
     PAGES = {xviii+118},
      ISBN = {0-8218-1046-4},
   MRCLASS = {55-01},
  MRNUMBER = {1679607},
MRREVIEWER = {Donald W. Kahn},
}

@incollection {MR1384994,
    AUTHOR = {Stillwell, John},
     TITLE = {Poincar\'{e}, geometry and topology},
 BOOKTITLE = {Henri {P}oincar\'{e}: science et philosophie ({N}ancy, 1994)},
    SERIES = {Publ. Henri-Poincar\'{e}-Arch.},
     PAGES = {231--240, 580},
 PUBLISHER = {Akademie Verlag, Berlin},
      YEAR = {1996},
   MRCLASS = {01A55 (01A60 52-03 55-03 57-03)},
  MRNUMBER = {1384994},
MRREVIEWER = {Jo\v{z}e Vrabec},
}
		

@book {MR1211642,
    AUTHOR = {Stillwell, John},
     TITLE = {Classical topology and combinatorial group theory},
    SERIES = {Graduate Texts in Mathematics},
    VOLUME = {72},
   EDITION = {Second},
 PUBLISHER = {Springer-Verlag, New York},
      YEAR = {1993},
     PAGES = {xii+334},
      ISBN = {0-387-97970-0},
   MRCLASS = {57M07 (20F99 57-01 57M50)},
  MRNUMBER = {1211642},
MRREVIEWER = {Bruno P. Zimmermann},
       DOI = {10.1007/978-1-4612-4372-4},
       URL = {https://doi.org/10.1007/978-1-4612-4372-4},
}
		

@book {MR2456045,
    AUTHOR = {tom Dieck, Tammo},
     TITLE = {Algebraic topology},
    SERIES = {EMS Textbooks in Mathematics},
 PUBLISHER = {European Mathematical Society (EMS), Z\"{u}rich},
      YEAR = {2008},
     PAGES = {xii+567},
      ISBN = {978-3-03719-048-7},
   MRCLASS = {55-01},
  MRNUMBER = {2456045},
MRREVIEWER = {Donald M. Davis},
       DOI = {10.4171/048},
       URL = {https://doi.org/10.4171/048},
}

@Book{Bott/Tu:1982,
  Title                    = {Differential forms in algebraic topology},
  Author                   = {Bott, Raoul and Tu, Loring W.},
  Publisher                = {Springer-Verlag},
  Year                     = {1982},

  Address                  = {New York},
  Series                   = {Graduate Texts in Mathematics},
  Volume                   = {82},

  ISBN                     = {0-387-90613-4},
  Mrclass                  = {57R19 (55-02 58-01 58A12)},
  Mrnumber                 = {658304 (83i:57016)},
  Mrreviewer               = {Hansklaus Rummler},
  Owner                    = {ben},
  Pages                    = {xiv+331},
  Timestamp                = {2012.09.06}
}

@Book{Guillemin/Pollack:2010,
  Title                    = {Differential topology},
  Author                   = {Guillemin, Victor and Pollack, Alan},
  Publisher                = {AMS Chelsea Publishing, Providence, RI},
  Year                     = {2010},
  Note                     = {Reprint of the 1974 original},

  ISBN                     = {978-0-8218-5193-7},
  Mrclass                  = {58-01 (57-01)},
  Mrnumber                 = {2680546 (2011e:58001)},
  Owner                    = {ben},
  Pages                    = {xviii+224},
  Timestamp                = {2012.09.17}
}

@Book{Milnor:1997,
  Title                    = {Topology from the differentiable viewpoint},
  Author                   = {Milnor, John W.},
  Publisher                = {Princeton University Press},
  Year                     = {1997},

  Address                  = {Princeton, NJ},
  Note                     = {Based on notes by David W. Weaver, Revised reprint of the 1965 original},
  Series                   = {Princeton Landmarks in Mathematics},

  ISBN                     = {0-691-04833-9},
  Mrclass                  = {57Rxx},
  Mrnumber                 = {1487640 (98h:57051)},
  Owner                    = {ben},
  Pages                    = {xii+64},
  Timestamp                = {2012.08.27}
}


@Comment{jabref-meta: databaseType:bibtex;}
